@book{reza1961introduction,
  title={An introduction to information theory},
  author={Reza, Fazlollah M},
  year={1961},
  publisher={Courier Dover Publications}
}
@book{han2006data,
  title={Data mining: concepts and techniques},
  author={Han, Jiawei and Kamber, Micheline and Pei, Jian},
  year={2006},
  publisher={Morgan kaufmann}
}
